@book{counterexamples,
	title={Counterexamples in Topology},
	author={Lynn Arthur Steen, J. Arthur Seebach, Jr.},
	isbn={0-486-68735-X},
	year={1970},
	publisher={Springer-Verlag}
}
