@image{img:suspension,
    title={Suspension},
    author={Melchoir},
    url={https://commons.wikimediia.org/w/index.php?curid=698781
},
    note={Own work (transferred from en.wikipedia), inspired by \cite{algebraic-topology-hatcher}, CC BY-SA 3.0}
}

@image{img:klein-bottle-folding,
    title={Klein Bottle Folding},
    author={Inductiveload},
    url={https://commons.wikimedia.org/wiki/File:Klein_Bottle_Folding_1.svg},
    note={Public Domain}
}

@image{img:torus-folding,
    url={http://3.bp.blogspot.com/_swn7VcF-Vqc/TCpcMmi8qII/AAAAAAAAAHw/3QtMkZsikpY/s1600/part1(6).png},
    author={unknown},
    note={Taken from this \href{http://topologygeometry.blogspot.com/2010/06/notes-from-062310.html}{article}, retrieved 2021-06-09. Fair use.}
}
